@misc{Android_CPU_Raytracer,
	author = {Nic Dahlquist},
	title = {Android CPU Raytracer},
	note = {Accessed: January 2017},
    url = {https://github.com/ndahlquist/raytracer}
}

@misc{Embree,
	author = {Intel},
	title = {High Performance Ray Tracing Kernels},
	note = {Accessed: January 2017},
    url = {https://embree.github.io/index.html}
}

@misc{PBRT,
	author = {Matt Pharr, Wenzel Jakob, Greg Humphreys},
	title = {Physically Based Rendering},
	note = {Accessed: January 2017},
    url = {http://pbrt.org/}
}

@misc{Optix,
	author = {Nvidia},
	title = {NVIDIA® OptiX™ Ray Tracing Engine},
	note = {Accessed: January 2017},
    url = {https://developer.nvidia.com/optix}
}

@misc{OptixPrime,
	author = {Nvidia},
	title = {Baking With OptiX},
	note = {Accessed: January 2017},
    url = {https://developer.nvidia.com/optix-prime-baking-sample}
}

@misc{RIS,
	author = {Pixar},
	title = {Pixar RIS},
	note = {Accessed: January 2017},
    url = {https://renderman.pixar.com/resources/current/RenderMan/risOverview.html}
}

@misc{RadeonRays,
	author = {AMD},
	title = {Radeon Rays Technology for Developers},
	note = {Accessed: January 2017},
  	url = {http://developer.amd.com/tools-and-sdks/graphics-development/radeonpro/radeonrays-technology-developers/}
}

@misc{Visionaray,
	author = {Stefan Zellmann},
	title = {Visionaray},
	note = {Accessed: January 2017},
    url = {https://github.com/szellmann/visionaray}
}

@misc{YafaRay,
	author = {Gustavo Pichorim Boiko, Rodrigo Placencia \& David Bluecame \& Olaf Arnold \& Michele Castigliego},
	title = {YafaRay},
	note = {Accessed: January 2017},
    url = {http://www.yafaray.org/}
}

@misc{trayrust,
	author = {Will Usher},
	title = {tray\_rust - A Toy Ray Tracer in Rust},
	note = {Accessed: January 2017},
    url = {https://github.com/Twinklebear/tray\_rust}
}

@misc{micro-packet,
	author = {Will Usher},
	title = {uPacket - A micro packet ray tracer},
	note = {Accessed: January 2017},
    url = {https://github.com/Twinklebear/micro-packet}
}

@misc{G3D17,
	author = {Morgan, Michael Mara},
	title = {The {G3D} Innovation Engine},
	url = {http://g3d.cs.williams.edu/},
	note = {Accessed: January 2017}
}

@misc{HRay,
	author = {Kenneth},
	title = {HRay - a Haskell ray tracer},
	note = {Accessed: January 2017},
      url = {http://kejo.be/ELIS/Haskell/HRay/}
}

@misc{tray,
	author = {Will Usher},
	title = {tray - A Toy Ray Tracer},
	note = {Accessed: January 2017},
    url = {https://github.com/Twinklebear/tray}
}

@misc{IndigoRT,
	author = {Glare Technologies Limited},
	title = {Indigo RT},
	note = {Accessed: January 2017},
    url = {http://www.indigorenderer.com/indigo_rt}
}

@misc{Mitsuba,
	Author = {Wenzel Jakob},
	URL = {http://www.mitsuba-renderer.org},
	Title = {Mitsuba renderer},
	Note = {Accessed: January 2017}
}

@misc{OctaneRender,
	author = {© OTOY Inc},
	title = {Real-time 3D Rendering},
	note = {Accessed: January 2017},
	url = {https://home.otoy.com/render/octane-render/}
}

@misc{jsRayTracer,
	author = {Christopher Chedeau},
	title = {jsRayTracer},
	note = {Accessed: January 2017},
	url = {http://blog.vjeux.com/2012/javascript/javascript-ray-tracer.html}
}

@misc{AndroidDevelopers,
	author = {Google},
	title = {Android Developers},
	note = {Accessed: May 2017},
	url = {https://developer.android.com/index.html}
}

@misc{JournalDuNet,
	author = {Le Journal du Net},
	title = {Gérer et sécuriser ses flottes de smartphones et tablettes},
	note = {Accessed: May 2018},
	url = {https://www.journaldunet.com/solutions/mobilite/mobile-device-management-comparatif-des-offres}
}

@misc{CPU_Cache,
	author = {Michael Karbo and ELI Aps.},
	title = {Chapter 28. The cache},
	note = {Accessed: May 2018},
	url = {http://www.karbosguide.com/books/pcarchitecture/chapter28.htm}
}

@misc{CPU_Pipeline,
	author = {Academic Dictionaries and Encyclopedias},
	title = {Instruction pipeline},
	note = {Accessed: May 2018},
	url = {http://enacademic.com/dic.nsf/enwiki/141209}
}

@misc{CPU_SIMD,
	author = {Russ Bishop},
	title = {Swift 2: SIMD},
	note = {Accessed: May 2018},
	url = {http://www.russbishop.net/?page=5&x=272}
}

@misc{RT_classic,
	author = {Luís Paulo Peixoto dos Santos},
	title = {Ray Tracing Clássico},
	note = {Accessed: May 2018},
	url = {gec.di.uminho.pt/psantos/VI2/Acetatos/02-RayTracing.ppsx}
}

@misc{GLM,
	author = {G-Truc Creation},
	title = {OpenGL Mathematics},
	note = {Accessed: May 2018},
	url = {https://github.com/g-truc/glm}
}

@misc{tinyobjloader,
	author = {syoyo},
	title = {tinyobjloader},
	note = {Accessed: May 2018},
	url = {https://github.com/syoyo/tinyobjloader}
}

@misc{GoogleTest,
	author = {Google},
	title = {Google Test},
	note = {Accessed: May 2018},
	url = {https://github.com/google/googletest}
}

@misc{OpenGL_ES_2,
	author = {The Khronos™ Group Inc.},
	title = {OpenGL ES Overview},
	note = {Accessed: May 2018},
	url = {https://www.khronos.org/opengles/}
}

@misc{CMake,
	author = {kitware},
	title = {CMake},
	note = {Accessed: May 2018},
	url = {https://cmake.org/}
}

@misc{ShadowRays,
	author = {The Foundry},
	title = {Casting Shadows},
	note = {Accessed: May 2018},
	url = {https://learn.foundry.com/nuke/8.0/content/user_guide/3d_compositing/casting_shadows.html}
}

@misc{PlaneRayIntersection,
	author = {Menno Vink},
	title = {Ray to Plane intersection},
	note = {Accessed: May 2018},
	url = {http://www.echo-gaming.eu/ray-to-plane-intersection/}
}

@misc{SphereRayIntersection,
	author = {Chirag},
	title = {Ray Sphere Intersection},
	note = {Accessed: May 2018},
	url = {http://ray-tracing-conept.blogspot.pt/2015/01/ray-sphere-intersection.html}
}

@misc{TriangleRayIntersection,
	author = {Scratchapixel},
	title = {Ray Tracing: Rendering a Triangle},
	note = {Accessed: May 2018},
	url = {https://www.scratchapixel.com/lessons/3d-basic-rendering/ray-tracing-rendering-a-triangle}
}

@misc{RegularGrid,
	author = {Torsten Möller, Raghu Machiraju},
	title = {Ray Intersection Acceleration},
	note = {Accessed: May 2018},
	url = {http://slideplayer.com/slide/7981872/}
}

@misc{BVH,
	author = {Mark Kilgard},
	title = {CS 354 Acceleration Structures},
	note = {Accessed: May 2018},
	url = {https://www.slideshare.net/Mark_Kilgard/26accelstruct}
}

@misc{SAH,
	author = {Yurii Lahodiuk},
	title = {Kd tree for triangle meshes is too slow},
	note = {Accessed: May 2018},
	url = {https://stackoverflow.com/questions/20019110/kd-tree-for-triangle-meshes-is-too-slow}
}

@misc{Camera_Perspective_Orthographic,
	author = {Raph Schim},
	title = {From perspective picture to orthographic picture},
	note = {Accessed: May 2018},
	url = {https://stackoverflow.com/questions/36573283/from-perspective-picture-to-orthographic-picture}
}

@misc{Aliasing,
	author = {Computer Science and Engineering},
	title = {Anti aliasing Computer Graphics},
	note = {Accessed: May 2018},
	url = {https://www.slideshare.net/DelwarHossain8/anti-aliasing-computer-graphics}
}

@misc{CosineSampleHemisphere,
	author = {Alan Wolfe},
	title = {RandomCode},
	note = {Accessed: July 2018},
	url = {https://github.com/Atrix256/RandomCode}
}

@misc{HaltonSequence,
	author = {Wikipedia},
	title = {Halton sequence},
	note = {Accessed: July 2018},
	url = {https://en.wikipedia.org/wiki/Halton_sequence}
}

@misc{JNI,
	author = {Iggy Krajci and Darren Cummings},
	title = {Android on x86: Java Native Interface and the Android Native Development Kit},
	note = {Accessed: July 2018},
	url = {http://www.drdobbs.com/architecture-and-design/android-on-x86-java-native-interface-and/240166271}
}

@misc{RenderingEquation,
	author = {Wikipedia},
	title = {Rendering equation},
	note = {Accessed: July 2018},
	url = {https://en.wikipedia.org/wiki/Rendering_equation}
}

@misc{RTReflections,
	author = {Marsette Vona and Tong Pan},
	title = {Computer Graphics (CS 4300) 2010S: Lecture 21},
	note = {Accessed: July 2018},
	url = {https://course.ccs.neu.edu/cs4300old/s10/L21/L21.html}
}

@misc{RTRefractions,
	author = {Mini Physics},
	title = {Refraction Of Light},
	note = {Accessed: July 2018},
	url = {https://www.miniphysics.com/refraction-of-light.html}
}

@misc{SphericalCoordinates,
	author = {Wikipedia},
	title = {Spherical coordinate system},
	note = {Accessed: July 2018},
	url = {https://en.wikipedia.org/wiki/Spherical_coordinate_system}
}

@misc{SamplingRayDirection,
	author = {Daniel A. Thompson},
	title = {Ray tracing glossy reflection: sampling ray direction},
	note = {Accessed: July 2018},
	url = {https://stackoverflow.com/questions/32077952/ray-tracing-glossy-reflection-sampling-ray-direction}
}

@misc{TriangleBarycentricCoordinates,
	author = {Alec Jacobson},
	title = {Barycentric coordinates and point-triangle queries},
	note = {Accessed: July 2018},
	url = {http://www.alecjacobson.com/weblog/?p=1596}
}

@misc{Jittering,
	author = {Zack Waters},
	title = {Realistic Raytracing},
	note = {Accessed: July 2018},
	url = {https://web.cs.wpi.edu/~emmanuel/courses/cs563/write_ups/zackw/realistic_raytracing.html}
}

@misc{McGuire2017Data,
	title = {Computer Graphics Archive},
	author = {Morgan McGuire},
	year = {2017},
	month = {July},
	note = {Accessed: July 2018},
	url = {https://casual-effects.com/data}
}

@misc{RayTriangleIntersection,
	title = {Fast Minimum Storage Ray/Triangle Intersection},
	author = {Tomas Moller and Ben Trumbore},
	year = {1997},
	note = {Accessed: July 2018},
	url = {https://cadxfem.org/inf/Fast%20MinimumStorage%20RayTriangle%20Intersection.pdf}
}

@misc{AndroidDevices,
	title = {5 Reasons We Love Android Devices},
	author = {COOLFINESSE},
	year = {2017},
	note = {Accessed: July 2018},
	url = {https://iheanyiigboko.wordpress.com/2017/09/18/5-reasons-we-love-android-devices/}
}

@misc{LightHouseRayTriangle,
	title = {Ray-Triangle Intersection},
	author = {António José Borba Ramires Fernandes},
	note = {Accessed: July 2018},
	url = {http://www.lighthouse3d.com/tutorials/maths/ray-triangle-intersection/}
}

@misc{DepthMap,
	title = {Depth map},
	author = {Wikipedia},
	note = {Accessed: July 2018},
	url = {https://en.wikipedia.org/wiki/Depth_map}
}

@misc{Shadows,
	title = {Reality check. What is NVIDIA RTX Technology? What is DirectX DXR? Here's what they can and cannot do},
	author = {Armen Barsegyan},
	note = {Accessed: July 2018},
	url = {http://cgicoffee.com/blog/2018/03/what-is-nvidia-rtx-directx-dxr}
}

@misc{RaySphere,
	title = {How to set up quadratic equation for a ray/sphere intersection?},
	author = {John Feminella},
	note = {Accessed: August 2018},
	url = {https://stackoverflow.com/questions/1986378/how-to-set-up-quadratic-equation-for-a-ray-sphere-intersection}
}

@misc{RayPlane,
	title = {Ray/Plane Intersection Point},
	author = {belthaczar},
	note = {Accessed: August 2018},
	url = {http://www.idevgames.com/forums/thread-5744.html}
}

@misc{CPU_SuperPipeline,
	author = {Wikipedia},
	title = {Superscalar processor},
	note = {Accessed: October 2018},
	url = {https://en.wikipedia.org/wiki/Superscalar_processor}
}
